@misc{imread,
  author = "Scikit-Image",
  title = "Imread -- Skimage",
	note = {\url{http://scikit-image.org/docs/dev/api/skimage.data.html#skimage.data.imread}},
}

@misc{kontrast,
  author = "Scikit-Image",
  title = "Contrast stretching -- Skimage",
	note = {\url{http://scikit-image.org/docs/dev/auto_examples/plot_equalize.html}},
}

@misc{kontury,
  author = "Scikit-Image",
  title = "Contour finding -- Skimage",
	note = {\url{http://scikit-image.org/docs/dev/auto_examples/plot_contours.html}},
}