@misc{wiki,
  author = "Wikipedia",
  title = "HSL and HSV -- Wikipedia, the free encyclopedia",
	note = {\url{https://en.wikipedia.org/wiki/HSL_and_HSV}},
}